<response>
  <total>29</total>
  <search_id>FGluY2x1ZGVfY29udGV4dF91dWlkDnF1ZXJ5VGhlbkZldGNoAhZZcnN1ckhib1RxV1k2QTdIUVQzeFVRAAAAAAFYVTQWY3VZUi1tZW9TNGVGaWF5TnQ1NWVhdxZfc0FSV1YzMVE5S0wtQy1La240M0pnAAAAAACO4YwWclV3TXdJR09RQkdxU3cxN2RXU2wyQQ==</search_id>
  <collection xmlns="http://www.loc.gov/MARC21/slim">
<record>
  <controlfield tag="001">19217</controlfield>
  <controlfield tag="005">20250429134347.0</controlfield>
  <datafield tag="024" ind1="8" ind2="0">
    <subfield code="a">Accession Number: 473</subfield>
  </datafield>
  <datafield tag="035" ind1=" " ind2=" ">
    <subfield code="a">fritz_metcalf-490</subfield>
  </datafield>
  <datafield tag="245" ind1=" " ind2=" ">
    <subfield code="a">Avocados or Alligator pears on Murphy Ranch near Whittier, Los Angeles County.  Trees are 7 years old and some are bearing heavily.  Fruit sold in 1922 at 95 cents per pound on the ranch.  Feb. 1923.</subfield>
  </datafield>
  <datafield tag="260" ind1=" " ind2=" ">
    <subfield code="c">1923</subfield>
  </datafield>
  <datafield tag="269" ind1=" " ind2=" ">
    <subfield code="a">1923</subfield>
  </datafield>
  <datafield tag="336" ind1=" " ind2=" ">
    <subfield code="a">Image</subfield>
  </datafield>
  <datafield tag="500" ind1=" " ind2=" ">
    <subfield code="3">Location</subfield>
    <subfield code="a">Location: average distance</subfield>
  </datafield>
  <datafield tag="500" ind1=" " ind2=" ">
    <subfield code="3">Identification</subfield>
    <subfield code="a">Identification: exact ground location unclear, appears unknowable</subfield>
  </datafield>
  <datafield tag="520" ind1="2" ind2=" ">
    <subfield code="a">one person present, name unknown</subfield>
  </datafield>
  <datafield tag="540" ind1=" " ind2=" ">
    <subfield code="a">Researchers may make free and open use of the UC Berkeley Library’s digitized public domain materials. However, some materials in our online collections may be protected by U.S. copyright law (Title 17, U.S.C.). Use or reproduction of materials protected by copyright beyond that allowed by fair use (Title 17, U.S.C. § 107) requires permission from the copyright owners. The use or reproduction of some materials may also be restricted by terms of University of California gift or purchase agreements, privacy and publicity rights, or trademark law. Responsibility for determining rights status and permissibility of any use or reproduction rests exclusively with the researcher. To learn more or make inquiries, please see our permissions policies (https://www.lib.berkeley.edu/about/permissions-policies).</subfield>
  </datafield>
  <datafield tag="650" ind1=" " ind2=" ">
    <subfield code="a">Ranches</subfield>
  </datafield>
  <datafield tag="650" ind1=" " ind2=" ">
    <subfield code="a">Persea americana</subfield>
  </datafield>
  <datafield tag="650" ind1=" " ind2=" ">
    <subfield code="a">Agriculture</subfield>
  </datafield>
  <datafield tag="651" ind1=" " ind2=" ">
    <subfield code="a">Los Angeles County</subfield>
  </datafield>
  <datafield tag="700" ind1="1" ind2=" ">
    <subfield code="a">Metcalf, Woodbridge</subfield>
    <subfield code="e">Photographer</subfield>
  </datafield>
  <datafield tag="852" ind1=" " ind2=" ">
    <subfield code="c">Bioscience, Natural Resources &amp; Public Health Library</subfield>
  </datafield>
  <datafield tag="856" ind1="4" ind2="0">
    <subfield code="u">http://oskicat.berkeley.edu/record=b10010651</subfield>
    <subfield code="y">View library catalog record.</subfield>
  </datafield>
  <datafield tag="856" ind1="4" ind2=" ">
    <subfield code="9">63f439a0-f747-4808-a6ee-9e2987928a18</subfield>
    <subfield code="s">309418</subfield>
    <subfield code="u">https://digicoll.lib.berkeley.edu/record/19217/files/FM000490a_ii.jpg</subfield>
  </datafield>
  <datafield tag="856" ind1="4" ind2="1">
    <subfield code="u">https://search.library.berkeley.edu/permalink/01UCS_BER/1thfj9n/alma991065640019706532</subfield>
    <subfield code="y">View library catalog record.</subfield>
  </datafield>
  <datafield tag="901" ind1=" " ind2=" ">
    <subfield code="m">b10010651</subfield>
    <subfield code="o">21636820</subfield>
  </datafield>
  <datafield tag="901" ind1=" " ind2=" ">
    <subfield code="m">991000360509706532</subfield>
  </datafield>
  <datafield tag="902" ind1=" " ind2=" ">
    <subfield code="d">2019-06-18</subfield>
    <subfield code="f">metcalf1_490.xml</subfield>
    <subfield code="n">ADP</subfield>
    <subfield code="p">https://git.lib.berkeley.edu/lap/tind/vtm_metcalf_calheritage/createVTM_Metcalf.pl</subfield>
  </datafield>
  <datafield tag="909" ind1="C" ind2="O">
    <subfield code="o">oai:digicoll.lib.berkeley.edu:19217</subfield>
    <subfield code="p">fritzmetcalf</subfield>
    <subfield code="p">fritz-metcalf</subfield>
    <subfield code="p">sfg</subfield>
    <subfield code="q">mcleanCalisphere_oai</subfield>
  </datafield>
  <datafield tag="951" ind1=" " ind2=" ">
    <subfield code="a">ark:/13030/m5fv1jbh</subfield>
    <subfield code="b">Merritt</subfield>
  </datafield>
  <datafield tag="980" ind1=" " ind2=" ">
    <subfield code="a">Fritz-Metcalf</subfield>
  </datafield>
  <datafield tag="982" ind1=" " ind2=" ">
    <subfield code="a">Fritz-Metcalf Photographs</subfield>
    <subfield code="b">Fritz-Metcalf Photograph Collection</subfield>
  </datafield>
</record>